% Encoding: UTF-8
@Misc{Oxford,
  author       = {Oxford Online Dictionaries},
  title        = {Definition of haptics},
  howpublished = {https://en.oxforddictionaries.com/definition/haptic},
  month        = Jul,
  year         = {2018},
}

@Article{Srinivasan1995,
  author  = {Srinivasan, Mandayam A},
  title   = {What is haptics?},
  journal = {Laboratory for Human and Machine Haptics: The Touch Lab, Massachusetts Institute of Technology},
  year    = {1995},
  pages   = {1--11},
}

@Article{Hayward2004,
  author    = {Hayward, Vincent and Astley, Oliver R and Cruz-Hernandez, Manuel and Grant, Danny and Robles-De-La-Torre, Gabriel},
  title     = {Haptic interfaces and devices},
  journal   = {Sensor Review},
  year      = {2004},
  volume    = {24},
  number    = {1},
  pages     = {16--29},
  publisher = {Emerald Group Publishing Limited},
}
@InProceedings{Adams1998,
  author    = {Adams, Richard J and Moreyra, Manuel R and Hannaford, Blake},
  title     = {Stability and performance of haptic displays: Theory and experiments},
  booktitle = {Proceedings ASME international mechanical engineering congress and exhibition},
  year      = {1998},
  pages     = {227--234},
}

@Conference{Asada2016,
  author    = {Asada T., Nakamura T., Yamamoto A.},
  title     = {Investigation on Substitution of Force Feedback using Pressure Stimulation to Palm},
  booktitle = {Haptics Symposium},
  year      = {2016},
}

@Unpublished{Asada2016a,
  author = {Asada},
  title  = {Study on Pseudo-Haptic Device using Tactile Stimulation},
  note   = {Prethesis},
  year   = {2016},
}


@InProceedings{Nakamura2016,
  author       = {Nakamura, Taku and Nemoto, Shota and Ito, Takumi and Yamamoto, Akio},
  title        = {Substituted Force Feedback Using Palm Pressurization for a Handheld Controller},
  booktitle    = {International AsiaHaptics conference},
  year         = {2016},
  pages        = {197--199},
  organization = {Springer},
}


@Article{Speich2005,
  author    = {Speich, John E and Shao, Liang and Goldfarb, Michael},
  title     = {Modeling the human hand as it interacts with a telemanipulation system},
  journal   = {Mechatronics},
  year      = {2005},
  volume    = {15},
  number    = {9},
  pages     = {1127--1142},
  publisher = {Elsevier},
}

@InProceedings{Kuchenbecker2003,
  author       = {Kuchenbecker, Katherine J and Park, June Gyu and Niemeyer, Gunter},
  title        = {Characterizing the human wrist for improved haptic interaction},
  booktitle    = {ASME 2003 International Mechanical Engineering Congress and Exposition},
  year         = {2003},
  pages        = {591--598},
  organization = {American Society of Mechanical Engineers},
}

@Article{Park2014,
  author    = {Park, Jaebum and Pa{\v{z}}in, Nemanja and Friedman, Jason and Zatsiorsky, Vladimir M and Latash, Mark L},
  title     = {Mechanical properties of the human hand digits: Age-related differences},
  journal   = {Clinical Biomechanics},
  year      = {2014},
  volume    = {29},
  number    = {2},
  pages     = {129--137},
  publisher = {Elsevier},
}

@Article{Bermejo2017,
  author  = {Bermejo, Carlos and Hui, Pan},
  title   = {A survey on haptic technologies for mobile augmented reality},
  journal = {arXiv preprint arXiv:1709.00698},
  year    = {2017},
}

@Article{Enayati2016,
  author    = {Enayati, Nima and De Momi, Elena and Ferrigno, Giancarlo},
  title     = {Haptics in robot-assisted surgery: challenges and benefits},
  journal   = {IEEE reviews in biomedical engineering},
  year      = {2016},
  volume    = {9},
  pages     = {49--65},
  publisher = {IEEE},
}


@InCollection{Junior2016,
  author    = {Junior, Arnaldo Gomes Leal and de Andrade, Rafhael Milanezi and Bento Filho, Ant{\^o}nio},
  title     = {Series Elastic Actuator: Design, Analysis and Comparison},
  booktitle = {Recent Advances in Robotic Systems},
  publisher = {InTech},
  year      = {2016},
}


@Article{Prattichizzo2012,
  author    = {Prattichizzo, Domenico and Pacchierotti, Claudio and Rosati, Giulio},
  title     = {Cutaneous force feedback as a sensory subtraction technique in haptics},
  journal   = {IEEE Transactions on Haptics},
  year      = {2012},
  volume    = {5},
  number    = {4},
  pages     = {289--300},
  publisher = {IEEE},
}

@Article{Nisky2011,
  author    = {Nisky, Ilana and Pressman, Assaf and Pugh, Carla M and Mussa-Ivaldi, Ferdinando A and Karniel, Amir},
  title     = {Perception and action in teleoperated needle insertion},
  journal   = {IEEE transactions on haptics},
  year      = {2011},
  volume    = {4},
  number    = {3},
  pages     = {155--166},
  publisher = {IEEE},
}

@Misc{exnumerus2010,
  author       = {exnumerus},
  title        = {How to fit a Sinewave, an example in Python},
  howpublished = {http://exnumerus.blogspot.com/2010/04/how-to-fit-sine-wave-example-in-python.html},
  month        = apr,
  year         = {2010},
}

@InProceedings{Bedem2009,
  author       = {van den Bedem, Linda and Hendrix, Ron and Rosielle, Nick and Steinbuch, Maarten and Nijmeijer, Henk},
  title        = {Design of a minimally invasive surgical teleoperated master-slave system with haptic feedback},
  booktitle    = {Mechatronics and Automation, 2009. ICMA 2009. International Conference on},
  year         = {2009},
  pages        = {60--65},
  organization = {IEEE},
}

@PhdThesis{Christiansson2007,
  author = {Christiansson, G{\"o}ran Anders Viking},
  title  = {Hard master, soft slave haptic teleoperation},
  school = {TU Delft, Delft University of Technology},
  year   = {2007},
}

@Article{Hasegawa2006,
  author    = {Hasegawa, Shoichi and Toshiaki, Ishikawa and Hashimoto, Naoki and Salvati, Marc and Mitake, Hironori and Koike, Yasuharu and Sato, Makoto},
  title     = {Human-scale haptic interaction with a reactive virtual human in a real-time physics simulator},
  journal   = {Computers in Entertainment (CIE)},
  year      = {2006},
  volume    = {4},
  number    = {3},
  pages     = {9},
  publisher = {ACM},
}

@InProceedings{Schoonmaker2006,
  author       = {Schoonmaker, Ryan E and Cao, Caroline GL},
  title        = {Vibrotactile force feedback system for minimally invasive surgical procedures},
  booktitle    = {Systems, Man and Cybernetics, 2006. SMC'06. IEEE International Conference on},
  year         = {2006},
  volume       = {3},
  pages        = {2464--2469},
  organization = {IEEE},
}

@InProceedings{Tavakoli2004,
  author       = {Tavakoli, Mahdi and PateI, RV and Moallem, Mehrdad},
  title        = {Design issues in a haptics-based master-slave system for minimally invasive surgery},
  booktitle    = {Robotics and Automation, 2004. Proceedings. ICRA'04. 2004 IEEE International Conference on},
  year         = {2004},
  volume       = {1},
  pages        = {371--376},
  organization = {IEEE},
}

@InProceedings{Pratt1995,
  author       = {Pratt, Gill A and Williamson, Matthew M},
  title        = {Series elastic actuators},
  booktitle    = {Intelligent Robots and Systems 95.'Human Robot Interaction and Cooperative Robots', Proceedings. 1995 IEEE/RSJ International Conference on},
  year         = {1995},
  volume       = {1},
  pages        = {399--406},
  organization = {IEEE},
}

@Book{Dutton1997,
  title     = {The art of control engineering},
  publisher = {Addison Wesley Harlow},
  year      = {1997},
  author    = {Dutton, Ken and Thompson, Steve and Barraclough, Bill},
}

@article{Elgendi2014,
  title={Arm movement speed assessment via a Kinect camera: a preliminary study in healthy subjects},
  author={Elgendi, Mohamed and Picon, Flavien and Magnenat-Thalmann, Nadia and Abbott, Derek},
  journal={Biomedical engineering online},
  volume={13},
  number={1},
  pages={88},
  year={2014},
  publisher={BioMed Central}
}

@article{Lawrence1993,
  title={Stability and transparency in bilateral teleoperation},
  author={Lawrence, Dale A},
  journal={IEEE transactions on robotics and automation},
  volume={9},
  number={5},
  pages={624--637},
  year={1993},
  publisher={IEEE}
}

@inproceedings{Agrafiotis2016,
  title={Real Time Earthquake's Survivor Detection using a Miniaturized LWIR Camera},
  author={Agrafiotis, Panagiotis and Doulamis, Anastasios and Athanasiou, George and Amditis, Angelos},
  booktitle={Proceedings of the 9th ACM International Conference on PErvasive Technologies Related to Assistive Environments},
  pages={21},
  year={2016},
  organization={ACM}
}

@InProceedings{Christiansson2006,
  author       = {Christiansson, Goran AV and Mulder, Matthias and Van Der Helm, Frans CT},
  title        = {Slave device stiffness and teleoperator stability},
  booktitle    = {EuroHaptics Conference, Paris, France},
  year         = {2006},
  organization = {Citeseer},
}

@InProceedings{Hogan1989,
  author       = {Hogan, Neville},
  title        = {Controlling impedance at the man/machine interface},
  booktitle    = {Robotics and Automation, 1989. Proceedings., 1989 IEEE International Conference on},
  year         = {1989},
  pages        = {1626--1631},
  organization = {IEEE},
}

@Misc{Fry2018,
  author       = {Fry, Ben and Reas, Casey},
  title        = {Processing},
  howpublished = {https://www.processing.org/},
  month        = jul,
  year         = {2018},
}

@article{Salcudean2000,
  title={Transparent bilateral teleoperation under position and rate control},
  author={Salcudean, Septimiu E and Zhu, Ming and Zhu, Wen-Hong and Hashtrudi-Zaad, Keyvan},
  journal={The International Journal of Robotics Research},
  volume={19},
  number={12},
  pages={1185--1202},
  year={2000},
  publisher={SAGE Publications}
}

@article{Mugge2016,
  title={Haptic guidance needs to be intuitive not just informative to improve human motor accuracy},
  author={Mugge, Winfred and Kuling, Irene A and Brenner, Eli and Smeets, Jeroen BJ},
  journal={PloS one},
  volume={11},
  number={3},
  pages={e0150912},
  year={2016},
  publisher={Public Library of Science}
}

@article{Ajoudani2014,
  title={Exploring teleimpedance and tactile feedback for intuitive control of the pisa/iit softhand},
  author={Ajoudani, Arash and Godfrey, Sasha B and Bianchi, Matteo and Catalano, Manuel G and Grioli, Giorgio and Tsagarakis, Nikos and Bicchi, Antonio},
  journal={IEEE transactions on haptics},
  volume={7},
  number={2},
  pages={203--215},
  year={2014},
  publisher={IEEE}
}

@inproceedings{Maclean2000,
  title={Designing with haptic feedback},
  author={MacLean, Karon E},
  booktitle={Robotics and Automation, 2000. Proceedings. ICRA'00. IEEE International Conference on},
  volume={1},
  pages={783--788},
  year={2000},
  organization={IEEE}
}

@inproceedings{Foottit2014,
  title={An intuitive tangible game controller},
  author={Foottit, Jacques and Brown, Dave and Marks, Stefan and Connor, Andy M},
  booktitle={Proceedings of the 2014 Conference on Interactive Entertainment},
  pages={1--7},
  year={2014},
  organization={ACM}
}

@inproceedings{Pratt2004,
  title={Series elastic actuators for legged robots},
  author={Pratt, Jerry E and Krupp, Benjamin T},
  booktitle={Unmanned Ground Vehicle Technology Vi},
  volume={5422},
  pages={135--145},
  year={2004},
  organization={International Society for Optics and Photonics}
}

@article{dosSantos2014,
  title={Impedance control of a rotary series elastic actuator for knee rehabilitation},
  author={dos Santos, Wilian M and Siqueira, Adriano AG},
  journal={IFAC Proceedings Volumes},
  volume={47},
  number={3},
  pages={4801--4806},
  year={2014},
  publisher={Elsevier}
}

@inproceedings{Minamizawa2007,
  title={Gravity grabber: wearable haptic display to present virtual mass sensation},
  author={Minamizawa, Kouta and Fukamachi, Souichiro and Kajimoto, Hiroyuki and Kawakami, Naoki and Tachi, Susumu},
  booktitle={ACM SIGGRAPH 2007 emerging technologies},
  pages={8},
  year={2007},
  organization={ACM}
}

@inproceedings{Basafa2009,
  title={Design and implementation of series elastic actuators for a haptic laparoscopic device},
  author={Basafa, E and Sheikholeslami, M and Mirbagheri, A and Farahmand, F and Vossoughi, GR},
  booktitle={Engineering in Medicine and Biology Society, 2009. EMBC 2009. Annual International Conference of the IEEE},
  pages={6054--6057},
  year={2009},
  organization={IEEE}
}

@article{Oblak2011,
  title={Design of a series visco-elastic actuator for multi-purpose rehabilitation haptic device},
  author={Oblak, Jakob and Matja{\v{c}}i{\'c}, Zlatko},
  journal={Journal of neuroengineering and rehabilitation},
  volume={8},
  number={1},
  pages={3},
  year={2011},
  publisher={BioMed Central}
}

@inproceedings{Otaran2016,
  title={Hands-on learning with a series elastic educational robot},
  author={Otaran, Ata and Tokatli, Ozan and Patoglu, Volkan},
  booktitle={International Conference on Human Haptic Sensing and Touch Enabled Computer Applications},
  pages={3--16},
  year={2016},
  organization={Springer}
}

@book{Ibeh2011,
  title={Thermoplastic materials: properties, manufacturing methods, and applications},
  author={Ibeh, Christopher C},
  year={2011},
  publisher={CRC Press}
}

@Comment{jabref-meta: databaseType:bibtex;}
