% Encoding: UTF-8

@Conference{Asada2016,
  author    = {Asada T., Nakamura T., Yamamoto A.},
  title     = {Investigation on Substitution of Force Feedback using Pressure Stimulation to Palm},
  booktitle = {Haptics Symposium},
  year      = {2016},
}

@InProceedings{Nakamura2016,
  author       = {Nakamura, Taku and Nemoto, Shota and Ito, Takumi and Yamamoto, Akio},
  title        = {Substituted Force Feedback Using Palm Pressurization for a Handheld Controller},
  booktitle    = {International AsiaHaptics conference},
  year         = {2016},
  pages        = {197--199},
  organization = {Springer},
}

@InProceedings{Bedem2009,
  author       = {van den Bedem, Linda and Hendrix, Ron and Rosielle, Nick and Steinbuch, Maarten and Nijmeijer, Henk},
  title        = {Design of a minimally invasive surgical teleoperated master-slave system with haptic feedback},
  booktitle    = {Mechatronics and Automation, 2009. ICMA 2009. International Conference on},
  year         = {2009},
  pages        = {60--65},
  organization = {IEEE},
}

@Article{Enayati2016,
  author    = {Enayati, Nima and De Momi, Elena and Ferrigno, Giancarlo},
  title     = {Haptics in robot-assisted surgery: challenges and benefits},
  journal   = {IEEE reviews in biomedical engineering},
  year      = {2016},
  volume    = {9},
  pages     = {49--65},
  publisher = {IEEE},
}

@InProceedings{Tavakoli2004,
  author       = {Tavakoli, Mahdi and PateI, RV and Moallem, Mehrdad},
  title        = {Design issues in a haptics-based master-slave system for minimally invasive surgery},
  booktitle    = {Robotics and Automation, 2004. Proceedings. ICRA'04. 2004 IEEE International Conference on},
  year         = {2004},
  volume       = {1},
  pages        = {371--376},
  organization = {IEEE},
}

@Article{Nisky2011,
  author    = {Nisky, Ilana and Pressman, Assaf and Pugh, Carla M and Mussa-Ivaldi, Ferdinando A and Karniel, Amir},
  title     = {Perception and action in teleoperated needle insertion},
  journal   = {IEEE transactions on haptics},
  year      = {2011},
  volume    = {4},
  number    = {3},
  pages     = {155--166},
  publisher = {IEEE},
}

@Article{Bermejo2017,
  author  = {Bermejo, Carlos and Hui, Pan},
  title   = {A survey on haptic technologies for mobile augmented reality},
  journal = {arXiv preprint arXiv:1709.00698},
  year    = {2017},
}

@Article{Hasegawa2006,
  author    = {Hasegawa, Shoichi and Toshiaki, Ishikawa and Hashimoto, Naoki and Salvati, Marc and Mitake, Hironori and Koike, Yasuharu and Sato, Makoto},
  title     = {Human-scale haptic interaction with a reactive virtual human in a real-time physics simulator},
  journal   = {Computers in Entertainment (CIE)},
  year      = {2006},
  volume    = {4},
  number    = {3},
  pages     = {9},
  publisher = {ACM},
}

@PhdThesis{Christiansson2007,
  author = {Christiansson, G{\"o}ran Anders Viking},
  title  = {Hard master, soft slave haptic teleoperation},
  school = {TU Delft, Delft University of Technology},
  year   = {2007},
}

@Unpublished{AsadaPre,
  author = {Asada},
  title  = {Study on Pseudo-Haptic Device using Tactile Stimulation},
  note   = {Prethesis},
  year      = {2016},
}

@Article{Prattichizzo2012,
  author    = {Prattichizzo, Domenico and Pacchierotti, Claudio and Rosati, Giulio},
  title     = {Cutaneous force feedback as a sensory subtraction technique in haptics},
  journal   = {IEEE Transactions on Haptics},
  year      = {2012},
  volume    = {5},
  number    = {4},
  pages     = {289--300},
  publisher = {IEEE},
}

@InProceedings{Schoonmaker2006,
  author       = {Schoonmaker, Ryan E and Cao, Caroline GL},
  title        = {Vibrotactile force feedback system for minimally invasive surgical procedures},
  booktitle    = {Systems, Man and Cybernetics, 2006. SMC'06. IEEE International Conference on},
  year         = {2006},
  volume       = {3},
  pages        = {2464--2469},
  organization = {IEEE},
}

@InProceedings{Pratt1995,
  author       = {Pratt, Gill A and Williamson, Matthew M},
  title        = {Series elastic actuators},
  booktitle    = {Intelligent Robots and Systems 95.'Human Robot Interaction and Cooperative Robots', Proceedings. 1995 IEEE/RSJ International Conference on},
  year         = {1995},
  volume       = {1},
  pages        = {399--406},
  organization = {IEEE},
}

@InCollection{Junior2016,
  author    = {Junior, Arnaldo Gomes Leal and de Andrade, Rafhael Milanezi and Bento Filho, Ant{\^o}nio},
  title     = {Series Elastic Actuator: Design, Analysis and Comparison},
  booktitle = {Recent Advances in Robotic Systems},
  publisher = {InTech},
  year      = {2016},
}

@Misc{exnumerus2010,
  author       = {exnumerus},
  title        = {How to fit a Sinewave, an example in Python},
  howpublished = {http://exnumerus.blogspot.com/2010/04/how-to-fit-sine-wave-example-in-python.html},
  month        = apr,
  year         = {2010},
}

@InCollection{junior2016series,
  author    = {Junior, Arnaldo Gomes Leal and de Andrade, Rafhael Milanezi and Bento Filho, Ant{\^o}nio},
  title     = {Series Elastic Actuator: Design, Analysis and Comparison},
  booktitle = {Recent Advances in Robotic Systems},
  publisher = {InTech},
  year      = {2016},
}

@Comment{jabref-meta: databaseType:bibtex;}
